@article{DBLP:journals/scp/Aiken99,
  author    = {Alexander Aiken},
  title     = {Introduction to Set Constraint-Based Program Analysis},
  journal   = {Sci. Comput. Program.},
  year      = {1999},
  volume    = {35},
  number    = {2},
  pages     = {79--111},
  url       = {http://dx.doi.org/10.1016/S0167-6423(99)00007-6},
  doi       = {10.1016/S0167-6423(99)00007-6},
  timestamp = {Mon, 13 Oct 2014 02:23:21 +0200},
  biburl    = {http://dblp.uni-trier.de/rec/bib/journals/scp/Aiken99},
  bibsource = {dblp computer science bibliography, http://dblp.org}
}

