@inproceedings{DBLP:conf/focs/CharatonikP94,
  author    = {Witold Charatonik and
               Leszek Pacholski},
  title     = {Set constraints with projections are in {NEXPTIME}},
  booktitle = {35th Annual Symposium on Foundations of Computer Science, Santa Fe,
               New Mexico, USA, 20-22 November 1994},
  year      = {1994},
  pages     = {642--653},
  crossref  = {DBLP:conf/focs/FOCS35},
  url       = {http://doi.ieeecomputersociety.org/10.1109/SFCS.1994.365727},
  doi       = {10.1109/SFCS.1994.365727},
  timestamp = {Mon, 13 Oct 2014 02:27:22 +0200},
  biburl    = {http://dblp.uni-trier.de/rec/bib/conf/focs/CharatonikP94},
  bibsource = {dblp computer science bibliography, http://dblp.org}
}

@proceedings{DBLP:conf/focs/FOCS35,
  title     = {35th Annual Symposium on Foundations of Computer Science, Santa Fe,
               New Mexico, USA, 20-22 November 1994},
  year      = {1994},
  publisher = {{IEEE} Computer Society},
  timestamp = {Mon, 13 Oct 2014 02:27:22 +0200},
  biburl    = {http://dblp.uni-trier.de/rec/bib/conf/focs/FOCS35},
  bibsource = {dblp computer science bibliography, http://dblp.org}
}

