@TECHREPORT{Foster97flow-insensitivepoints-to,
    author = {Jeffrey S. Foster and Manuel Fahndrich and Alexander Aiken},
    title = {Flow-Insensitive Points-to Analysis with Term and Set Constraints},
    institution = {U. OF CALIFORNIA, BERKELEY},
    year = {1997}
}

@INPROCEEDINGS{Heintze91adecision,
    author = {Nevin Heintze and Joxan Jaffar},
    title = {A Decision Procedure for a Class of Set Constraints},
    booktitle = {In Fifth Annual IEEE Symposium on Logic in Computer Science},
    year = {1991},
    pages = {42--51},
    publisher = {IEEE}
}

@TECHREPORT{Andersen94programanalysis,
    author = {Lars Ole Andersen},
    title = {Program Analysis and Specialization for the C Programming Language},
    institution = {},
    year = {1994}
}

@MISC{Steensgaard96points-toanalysis,
    author = {Bjarne Steensgaard},
    title = {Points-to Analysis in Almost Linear Time},
    year = {1996}
}

@INPROCEEDINGS{F?hndrich97programanalysis,
    author = {Manuel F?hndrich and Alexander Aiken},
    title = {Program Analysis Using Mixed Term and Set Constraints},
    booktitle = {IN PROCEEDINGS OF THE 4TH INTERNATIONAL STATIC ANALYSIS SYMPOSIUM},
    year = {1997},
    pages = {114--126},
    publisher = {Springer-Verlag}
}

@INPROCEEDINGS{Shapiro97fastand,
    author = {Marc Shapiro and Susan Horwitz},
    title = {Fast and Accurate Flow-Insensitive Points-To Analysis},
    booktitle = {In Symposium on Principles of Programming Languages},
    year = {1997},
    pages = {1--14}
}